@PhDThesis{abel:PhD,
  author	= {Andreas Abel},
  title		= {A Polymorphic Lambda-Calculus with Sized Higher-Order
		  Types},
  school	= {Ludwig-Maximilians-Universit\"at M\"unchen},
  year		= 2006
}

@phdthesis{norell:thesis,
  author  = {Ulf Norell},
  title	  = {Towards a practical programming language based on dependent type
	     theory},
  school  = {Department of Computer Science and Engineering, Chalmers University of Technology},
  year	  = 2007,
  month	  = {September},
  address = {SE-412 96 G\"{o}teborg, Sweden}
}

@article{ coquand96algorithm,
    author = "Thierry Coquand",
    title = "An Algorithm for Type-Checking Dependent Types",
    journal = "Science of Computer Programming",
    volume = "26",
    number = "1-3",
    pages = "167-177",
    year = "1996",
    url = "citeseer.ist.psu.edu/coquand96algorithm.html" 
}

@inproceedings{coquand92pattern,
  title = {Pattern matching with dependent types},
  author = {Thierry Coquand},
  booktitle = {Proceeding from the logical framework workshop at BÂ°astad},
  month	  = {June},
  year = {1992}
}

@book{mart84,
	author={Martin-L\"of, P.},
	title={Intuitionistic Type Theory},
	series={Studies in Proof Theory},
	year={1984},
	publisher={Bibliopolis},
	address={Napoli},
	tue={wis cbk 84 mar}
}